@preamble{ "\newcommand{\noopsort}[1]{} "
	# "\newcommand{\printfirst}[2]{#1} "
	# "\newcommand{\singleletter}[1]{#1} "
	# "\newcommand{\switchargs}[2]{#2#1} " }

@ARTICLE{article-minimal,
   author = {L[eslie] A. Aamport},
   title = {The Gnats and Gnus Document Preparation System},
   journal = {\mbox{G-Animal's} Journal},
   year = 1986,
}

@ARTICLE{article-full,
   author = {L[eslie] A. Aamport},
   title = {The Gnats and Gnus Document Preparation System},
   journal = {\mbox{G-Animal's} Journal},
   year = 1986,
   volume = 41,
   number = 7,
   pages = "73+",
   month = jul,
   note = "This is a full ARTICLE entry",
}

The KEY field is here to override the KEY field in the journal being
cross referenced (so is the NOTE field, in addition to its imparting
information).

@ARTICLE{article-crossref,
   crossref = {WHOLE-JOURNAL},
   key = "",
   author = {L[eslie] A. Aamport},
   title = {The Gnats and Gnus Document Preparation System},
   pages = "73+",
   note = "This is a cross-referencing ARTICLE entry",
}

@ARTICLE{whole-journal,
   key = "GAJ",
   journal = {\mbox{G-Animal's} Journal},
   year = 1986,
   volume = 41,
   number = 7,
   month = jul,
   note = {The entire issue is devoted to gnats and gnus
		(this entry is a cross-referenced ARTICLE (journal))},
}

@INBOOK{inbook-minimal,
   author = "Donald E. Knuth",
   title = "Fundamental Algorithms",
   publisher = "Addison-Wesley",
   year = "{\noopsort{1973b}}1973",
   chapter = "1.2",
}

@INBOOK{inbook-full,
   author = "Donald E. Knuth",
   title = "Fundamental Algorithms",
   volume = 1,
   series = "The Art of Computer Programming",
   publisher = "Addison-Wesley",
   address = "Reading, Massachusetts",
   edition = "Second",
   month = "10~" # jan,
   year = "{\noopsort{1973b}}1973",
   type = "Section",
   chapter = "1.2",
   pages = "10--119",
   note = "This is a full INBOOK entry",
}

@INBOOK{inbook-crossref,
   crossref = "whole-set",
   title = "Fundamental Algorithms",
   volume = 1,
   series = "The Art of Computer Programming",
   edition = "Second",
   year = "{\noopsort{1973b}}1973",
   type = "Section",
   chapter = "1.2",
   note = "This is a cross-referencing INBOOK entry",
}

@BOOK{book-minimal,
   author = "Donald E. Knuth",
   title = "Seminumerical Algorithms",
   publisher = "Addison-Wesley",
   year = "{\noopsort{1973c}}1981",
}

@BOOK{book-full,
   author = "Donald E. Knuth",
   title = "Seminumerical Algorithms",
   volume = 2,
   series = "The Art of Computer Programming",
   publisher = "Addison-Wesley",
   address = "Reading, Massachusetts",
   edition = "Second",
   month = "10~" # jan,
   year = "{\noopsort{1973c}}1981",
   note = "This is a full BOOK entry",
}

@BOOK{book-crossref,
   crossref = "whole-set",
   title = "Seminumerical Algorithms",
   volume = 2,
   series = "The Art of Computer Programming",
   edition = "Second",
   year = "{\noopsort{1973c}}1981",
   note = "This is a cross-referencing BOOK entry",
}

@BOOK{whole-set,
   author = "Donald E. Knuth",
   publisher = "Addison-Wesley",
   title = "The Art of Computer Programming",
   series = "Four volumes",
   year = "{\noopsort{1973a}}{\switchargs{--90}{1968}}",
   note = "Seven volumes planned (this is a cross-referenced set of BOOKs)",
}

@BOOKLET{booklet-minimal,
   key = "Kn{\printfirst{v}{1987}}",
   title = "The Programming of Computer Art",
}

@BOOKLET{booklet-full,
   author = "Jill C. Knvth",
   title = "The Programming of Computer Art",
   howpublished = "Vernier Art Center",
   address = "Stanford, California",
   month = feb,
   year = 1988,
   note = "This is a full BOOKLET entry",
}

@INCOLLECTION{incollection-minimal,
   author = "Daniel D. Lincoll",
   title = "Semigroups of Recurrences",
   booktitle = "High Speed Computer and Algorithm Organization",
   publisher = "Academic Press",
   year = 1977,
}

@INCOLLECTION{incollection-full,
   author = "Daniel D. Lincoll",
   title = "Semigroups of Recurrences",
   editor = "David J. Lipcoll and D. H. Lawrie and A. H. Sameh",
   booktitle = "High Speed Computer and Algorithm Organization",
   number = 23,
   series = "Fast Computers",
   chapter = 3,
   type = "Part",
   pages = "179--183",
   publisher = "Academic Press",
   address = "New York",
   edition = "Third",
   month = sep,
   year = 1977,
   note = "This is a full INCOLLECTION entry",
}

@INCOLLECTION{incollection-crossref,
   crossref = "whole-collection",
   author = "Daniel D. Lincoll",
   title = "Semigroups of Recurrences",
   pages = "179--183",
   note = "This is a cross-referencing INCOLLECTION entry",
}

@BOOK{whole-collection,
   editor = "David J. Lipcoll and D. H. Lawrie and A. H. Sameh",
   title = "High Speed Computer and Algorithm Organization",
   booktitle = "High Speed Computer and Algorithm Organization",
   number = 23,
   series = "Fast Computers",
   publisher = "Academic Press",
   address = "New York",
   edition = "Third",
   month = sep,
   year = 1977,
   note = "This is a cross-referenced BOOK (collection) entry",
}

@MANUAL{manual-minimal,
   key = "Manmaker",
   title = "The Definitive Computer Manual",
}

@MANUAL{manual-full,
   author = "Larry Manmaker",
   title = "The Definitive Computer Manual",
   organization = "Chips-R-Us",
   address = "Silicon Valley",
   edition = "Silver",
   month = apr # "-" # may,
   year = 1986,
   note = "This is a full MANUAL entry",
}

@MASTERSTHESIS{mastersthesis-minimal,
   author = "{\'{E}}douard Masterly",
   title = "Mastering Thesis Writing",
   school = "Stanford University",
   year = 1988,
}

@MASTERSTHESIS{mastersthesis-full,
   author = "{\'{E}}douard Masterly",
   title = "Mastering Thesis Writing",
   school = "Stanford University",
   type = "Master's project",
   address = "English Department",
   month = jun # "-" # aug,
   year = 1988,
   note = "This is a full MASTERSTHESIS entry",
}

@MISC{misc-minimal,
   key = "Missilany",
   note = "This is a minimal MISC entry",
}

@MISC{misc-full,
   author = "Joe-Bob Missilany",
   title = "Handing out random pamphlets in airports",
   howpublished = "Handed out at O'Hare",
   month = oct,
   year = 1984,
   note = "This is a full MISC entry",
}

@STRING{STOC-key = "OX{\singleletter{stoc}}"}

@STRING{ACM = "The OX Association for Computing Machinery"}

@STRING{STOC = " Symposium on the Theory of Computing"}

@INPROCEEDINGS{inproceedings-minimal,
   author = "Alfred V. Oaho and Jeffrey D. Ullman and Mihalis Yannakakis",
   title = "On Notions of Information Transfer in {VLSI} Circuits",
   booktitle = "Proc. Fifteenth Annual ACM" # STOC,
   year = 1983,
}

@INPROCEEDINGS{inproceedings-full,
   author = "Alfred V. Oaho and Jeffrey D. Ullman and Mihalis Yannakakis",
   title = "On Notions of Information Transfer in {VLSI} Circuits",
   editor = "Wizard V. Oz and Mihalis Yannakakis",
   booktitle = "Proc. Fifteenth Annual ACM" # STOC,
   number = 17,
   series = "All ACM Conferences",
   pages = "133--139",
   month = mar,
   year = 1983,
   address = "Boston",
   organization = ACM,
   publisher = "Academic Press",
   note = "This is a full INPROCEDINGS entry",
}

@INPROCEEDINGS{inproceedings-crossref,
   crossref = "whole-proceedings",
   author = "Alfred V. Oaho and Jeffrey D. Ullman and Mihalis Yannakakis",
   title = "On Notions of Information Transfer in {VLSI} Circuits",
   organization = "",
   pages = "133--139",
   note = "This is a cross-referencing INPROCEEDINGS entry",
}

@PROCEEDINGS{proceedings-minimal,
   key = STOC-key,
   title = "Proc. Fifteenth Annual" # STOC,
   year = 1983,
}

@PROCEEDINGS{proceedings-full,
   editor = "Wizard V. Oz and Mihalis Yannakakis",
   title = "Proc. Fifteenth Annual" # STOC,
   number = 17,
   series = "All ACM Conferences",
   month = mar,
   year = 1983,
   address = "Boston",
   organization = ACM,
   publisher = "Academic Press",
   note = "This is a full PROCEEDINGS entry",
}

@PROCEEDINGS{whole-proceedings,
   key = STOC-key,
   organization = ACM,
   title = "Proc. Fifteenth Annual" # STOC,
   address = "Boston",
   year = 1983,
   booktitle = "Proc. Fifteenth Annual ACM" # STOC,
   note = "This is a cross-referenced PROCEEDINGS",
}

@PHDTHESIS{phdthesis-minimal,
   author = "F. Phidias Phony-Baloney",
   title = "Fighting Fire with Fire: Festooning {F}rench Phrases",
   school = "Fanstord University",
   year = 1988,
}

@PHDTHESIS{phdthesis-full,
   author = "F. Phidias Phony-Baloney",
   title = "Fighting Fire with Fire: Festooning {F}rench Phrases",
   school = "Fanstord University",
   type = "{PhD} Dissertation",
   address = "Department of French",
   month = jun # "-" # aug,
   year = 1988,
   note = "This is a full PHDTHESIS entry",
}

@TECHREPORT{techreport-minimal,
   author = "Tom Terrific",
   title = "An {$O(n \log n / \! \log\log n)$} Sorting Algorithm",
   institution = "Fanstord University",
   year = 1988,
}

@TECHREPORT{techreport-full,
   author = "Tom T{\'{e}}rrific",
   title = "An {$O(n \log n / \! \log\log n)$} Sorting Algorithm",
   institution = "Fanstord University",
   type = "Wishful Research Result",
   number = "7",
   address = "Computer Science Department, Fanstord, California",
   month = oct,
   year = 1988,
   note = "This is a full TECHREPORT entry",
}

@UNPUBLISHED{unpublished-minimal,
   author = "Ulrich {\"{U}}nderwood and Ned {\~N}et and Paul {\={P}}ot",
   title = "Lower Bounds for Wishful Research Results",
   note = "Talk at Fanstord University (this is a minimal UNPUBLISHED entry)",
}

@UNPUBLISHED{unpublished-full,
   author = "Ulrich {\"{U}}nderwood and Ned {\~N}et and Paul {\={P}}ot",
   title = "Lower Bounds for Wishful Research Results",
   month = nov # ", " # dec,
   year = 1988,
   note = "Talk at Fanstord University (this is a full UNPUBLISHED entry)",
}

@MISC{random-note-crossref,
   key = {Volume-2},
   note = "Volume~2 is listed under Knuth \cite{book-full}"
}

%15
@article{15,
	author = {Costanzo, David and Shao, Zhong and Gu, Ronghui},
	title = {End-to-End Verification of Information-Flow Security for C and Assembly Programs},
	year = {2016},
	issue_date = {June 2016},
	publisher = {Association for Computing Machinery},
	address = {New York, NY, USA},
	volume = {51},
	number = {6},
	issn = {0362-1340},
	url = {https://doi.org/10.1145/2980983.2908100},
	doi = {10.1145/2980983.2908100},
	journal = {SIGPLAN Not.},
	month = jun,
	pages = {648–664},
	numpages = {17},
	keywords = {Security-Preserving Simulation, Information Flow Control, Security Policy Specification, Certified OS Kernels, Program Verification}
}

%17
@inproceedings{17,
	title	= {Komodo: Using Verification to Disentangle Secure-enclave Hardware from Software},
	author	= {Andrew Ferraiuolo and Andrew Baumann and Chris Hawblitzel and Bryan Parno},
	year	= {2017},
	URL	= {https://people.ece.cornell.edu/af433/pdf/ferraiuolo-sosp-17.pdf},
	booktitle	= {Proceedings of the 26th Symposium on Operating Systems Principles},
	pages	= {287--305}
}

%19
@INPROCEEDINGS{19,
	author={Goguen, J. A. and Meseguer, J.},
	booktitle={1982 IEEE Symposium on Security and Privacy}, 
	title={Security Policies and Security Models}, 
	year={1982},
	volume={},
	number={},
	pages={11-11},
	doi={10.1109/SP.1982.10014}}

%20
@inproceedings {20,
	author = {Chris Hawblitzel and Jon Howell and Jacob R. Lorch and Arjun Narayan and Bryan Parno and Danfeng Zhang and Brian Zill},
	title = {Ironclad Apps: End-to-End Security via Automated Full-System Verification},
	booktitle = {11th {USENIX} Symposium on Operating Systems Design and Implementation ({OSDI} 14)},
	year = {2014},
	isbn = { 978-1-931971-16-4},
	address = {Broomfield, CO},
	pages = {165--181},
	url = {https://www.usenix.org/conference/osdi14/technical-sessions/presentation/hawblitzel},
	publisher = {{USENIX} Association},
	month = oct,
}

%23
@article{23,
	author = {Klein, Gerwin and Andronick, June and Elphinstone, Kevin and Murray, Toby and Sewell, Thomas and Kolanski, Rafal and Heiser, Gernot},
	title = {Comprehensive Formal Verification of an OS Microkernel},
	year = {2014},
	issue_date = {February 2014},
	publisher = {Association for Computing Machinery},
	address = {New York, NY, USA},
	volume = {32},
	number = {1},
	issn = {0734-2071},
	url = {https://doi.org/10.1145/2560537},
	doi = {10.1145/2560537},
	journal = {ACM Trans. Comput. Syst.},
	month = feb,
	articleno = {2},
	numpages = {70},
	keywords = {operating systems, seL4, L4, microkernel, Isabelle/HOL}
}


%25
@ARTICLE{25,
	author = {John Mclean},
	title = {Proving Noninterference and Functional Correctness Using Traces},
	journal = {Journal of Computer Security},
	year = {1992},
	volume = {1},
	pages = {37--58}
}

%26
@INPROCEEDINGS{26,
	author={Murray, Toby and Matichuk, Daniel and Brassil, Matthew and Gammie, Peter and Bourke, Timothy and Seefried, Sean and Lewis, Corey and Gao, Xin and Klein, Gerwin},
	booktitle={2013 IEEE Symposium on Security and Privacy}, 
	title={seL4: From General Purpose to a Proof of Information Flow Enforcement}, 
	year={2013},
	volume={},
	number={},
	pages={415-429},
	doi={10.1109/SP.2013.35}}

%29
@InProceedings{29,
	author="Popescu, Andrei
	and H{\"o}lzl, Johannes
	and Nipkow, Tobias",
	editor="Hawblitzel, Chris
	and Miller, Dale",
	title="Proving Concurrent Noninterference",
	booktitle="Certified Programs and Proofs",
	year="2012",
	publisher="Springer Berlin Heidelberg",
	address="Berlin, Heidelberg",
	pages="109--125"
}

%30
@INPROCEEDINGS{30,
	author={Roscoe, A.W.},
	booktitle={Proceedings 1995 IEEE Symposium on Security and Privacy}, 
	title={CSP and determinism in security modelling}, 
	year={1995},
	volume={},
	number={},
	pages={114-127},
	doi={10.1109/SECPRI.1995.398927}}

%32
@InProceedings{32,
	author="Rushby, J. M.",
	editor="Dezani-Ciancaglini, Mariangiola
	and Montanari, Ugo",
	title="Proof of separability A verification technique for a class of security kernels",
	booktitle="International Symposium on Programming",
	year="1982",
	publisher="Springer Berlin Heidelberg",
	address="Berlin, Heidelberg",
	pages="352--367",
	isbn="978-3-540-39184-5"
}

%SeLoc
@article{seloc,
	title={Compositional non-interference for fine-grained concurrent programs},
	author={Frumin, Dan and Krebbers, Robbert and Birkedal, Lars},
	journal={arXiv preprint arXiv:1910.00905},
	year={2019}
}

%IRIS
@article{iris, 
	title={Iris from the ground up: A modular foundation for higher-order concurrent separation logic}, 
	volume={28}, 
	DOI={10.1017/S0956796818000151}, 
	journal={Journal of Functional Programming}, 
	publisher={Cambridge University Press}, 
	author={JUNG, RALF and KREBBERS, ROBBERT and JOURDAN, JACQUES-HENRI and BIZJAK, ALEŠ and BIRKEDAL, LARS and DREYER, DEREK}, year={2018}, pages={e20}}

%Sun
@INPROCEEDINGS{sun,
	author={Sun, Cong and Xi, Ning and Ma, Jianfeng},
	booktitle={2017 IEEE 41st Annual Computer Software and Applications Conference (COMPSAC)}, 
	title={Enforcing Generalized Refinement-Based Noninterference for Secure Interface Composition}, 
	year={2017},
	volume={1},
	number={},
	pages={586-595},
	doi={10.1109/COMPSAC.2017.118}}

%Baumann
@INPROCEEDINGS {baumann,
	author = {C. Baumann and M. Dam and R. Guanciale and H. Nemati},
	booktitle = {2021 2021 IEEE 34th Computer Security Foundations Symposium (CSF)},
	title = {On Compositional Information Flow Aware Refinement},
	year = {2021},
	volume = {},
	issn = {2374-8303},
	pages = {79-94},
	keywords = {security;confidentiality;noninterference;simulation;ignorance;knowledge;oram;unwinding;verification;specification;observation},
	doi = {10.1109/CSF51468.2021.00010},
	url = {https://doi.ieeecomputersociety.org/10.1109/CSF51468.2021.00010},
	publisher = {IEEE Computer Society},
	address = {Los Alamitos, CA, USA},
	month = {jun}
}